@MISC{pdal,
	author   = {Bell, Andrew and Chambers, Brad and Butler, Howard and Gerlek, Michael},
	title     = {Introduction to LiDAR - pdal.io},
	year      ={2019},
	howpublished={\url{https://pdal.io/}}
}


@mastersthesis{varney,
	author       = {Nina Varney}, 
	title        = {LiDAR Analysis for Automatic Region Segmentation and Object Classification},
	school       = {University of Dayton},
	year         = 2015,
	address      = {Dayton, Ohio},
	month        = 12
}

@InProceedings{PointNet,
	author = {Qi, Charles R. and Su, Hao and Mo, Kaichun and Guibas, Leonidas J.},
	title = {PointNet: Deep Learning on Point Sets for 3D Classification and Segmentation},
	booktitle = {The IEEE Conference on Computer Vision and Pattern Recognition (CVPR)},
	month = {July},
	year = {2017}
} 

@book{dong_chen_2018, place={Boca Raton}, title={LiDAR remote sensing and applications}, publisher={CRC Press, Taylor & Francis Group}, author={Dong, Pinliang and Chen, Qi}, year={2018}}

@article{zhang2003progressive,
	title={A progressive morphological filter for removing nonground measurements from airborne LIDAR data},
	author={Zhang, Keqi and Chen, Shu-Ching and Whitman, Dean and Shyu, Mei-Ling and Yan, Jianhua and Zhang, Chengcui},
	journal={IEEE transactions on geoscience and remote sensing},
	volume={41},
	number={4},
	pages={872--882},
	year={2003},
	publisher={IEEE}
}


@PhDThesis{RusuDoctoralDissertation, author = {Radu Bogdan Rusu}, title = {Semantic 3D Object Maps for Everyday Manipulation in Human Living Environments}, school = {Computer Science department, Technische Universitaet Muenchen, Germany}, year = {2009}, month = {October} }

@article{madsen2004singular,
	title={Singular value decomposition and principal component analysis},
	author={Madsen, Rasmus Elsborg and Hansen, Lars Kai and Winther, Ole},
	journal={Neural Networks},
	volume={1},
	pages={1--5},
	year={2004}
}

@article{rabbani2006segmentation,
	title={Segmentation of point clouds using smoothness constraint},
	author={Rabbani, Tahir and Van Den Heuvel, Frank and Vosselmann, George},
	journal={International archives of photogrammetry, remote sensing and spatial information sciences},
	volume={36},
	number={5},
	pages={248--253},
	year={2006}
}